%Este es un ejemplo que utiliza los parametros: citeKey, author y note, esta ultima personalizada%
@Misc{ref01,
	author = {8. 3. Chrisred},
	note = {"Crear de forma sencilla un documento de LaTex" Lista de reproduccion LaTex, 2022. Primera Parte (2022)}
}
